@online{Best,
  title = {20 Best Library Management Software in 2023},
  url = {https://research.com/software/best-library-management-software}
}

@online{Codeachi,
  title = {CodeAchi Library Management System},
  url = {http://codeachi.com/product/library-management-system/}
}

@online{Libero,
  title = {Libero: A Platform for Every Library Type},
  url = {https://libero.com.au/}
}

@online{Alexandria,
  title = {Alexandria: The Highly-Customizable ILS},
  url = {Alexandria: The Highly-Customizable ILS}
}

@online{Handy,
  title = {Handy Library Manager},
  url = {https://www.primasoft.com/librarymanager/handylibrary.htm}
}

@online{WorldShare,
  title = {WorldShare Management Services},
  url = {https://www.oclc.org/en/worldshare-management-services.html}
}

@online{Infiniti,
  title = {Infiniti Management Software: Custom Library Management Platform},
  url = {https://psp-assetprotection.co.uk/solutions/library-management-software/}
}

@online{Evergreen,
  title = {Evergreen ILS},
  url = {https://evergreen-ils.org/}
}

@online{Mandarin,
  title = {Mandarin M5: Customizable Library Automation Software},
  url = {https://www.mlasolutions.com/products/m5}
}

@online{Libib,
  title = {Libib},
  url = {https://www.libib.com/}
}

@online{Atriuum,
  title = {Atriuum: Powerful Web-Based Library System},
  url = {https://booksys.com/atriuum}
}

@online{KnowAll,
  title = {KnowAll Matrix},
  url = {https://knowallmatrix-librarysoftware.com/}
}

@online{Apollo,
  title = {Apollo ILS: The Public Library Specialist},
  url = {https://www.biblionix.com/products/apollo-ils-only-for-public-libraries/}
}

@online{Evolve,
  title = {Evolve Integrated Library Software},
  url = {https://www.infovisionsoftware.com/products/library}
}

@online{SydneyEnterprise,
  title = {SydneyEnterprise: ILS Platforms},
  url = {https://lucidea.com/sydneyenterprise/}
}

@online{ResourceMate,
  title = {ResourceMate: Flexible Library Management},
  url = {https://www.resourcemate.com/}
}

@online{LibraryWorld,
  title = {LibraryWorld},
  url = {http://libraryworld.com/}
}

@online{Surpass,
  title = {Surpass: An Affordable Library Management System},
  url = {https://surpasssoftware.com/}
}

@online{Follett,
  title = {Follett Destiny Library Manager},
  url = {https://www.follettlearning.com/education-technology/library-management-system}
}

@online{Genesis,
  title = {Genesis G4},
  url = {https://www.lrms.com/}
}

@online{Koha,
  title = {Koha: The First Free Open Source Library System},
  url = {https://koha-community.org/}
}

@online{Research,
  author = {Adroit Market Research},
  title = {Global library management software market analysis},
  year = {2021},
  url = {https://www.adroitmarketresearch.com/industry-reports/library-management-software-market}
}

@article{Statistics,
  author          = {M Breeding},
  title           = {Integrated library system statistics},
  year            = {2002},
  url             = {https://doi.org/10.5860/ltr.38n3},
}

@article{Guides,
  author          = {M Breeding},
  series          = {Library Technology Guides},
  title           = {Discoverability of library collections},
  year            = {2022},
  url             = {https://librarytechnology.org/document/27289/discoverability-of-library-collections},
}

@online{Trends,
  author = {EBSCO},
  year = 2021,
  title = {2021 trends in library analytics},
  url = {https://www.ebsco.com/blogs/ebscopost/2021-trends-library-analytics}
}

@article{Kishore,
  author          = {K Kishore},
  journal         = {Octal bog},
  title           = {How much does it cost to create a library management system?},
  year            = {2021},
  url             = {https://www.octalsoftware.com/blog/library-management-system/},
}

@article{Mageto,
  author          = {T Mageto},
  journal         = {Journal of Computer Sciences and Applications},
  title           = {Design and development of e-library system: COVID-19 pandemic challenges.},
  year            = {2021},
  url             = {http://article.computersciencesapplications.com/pdf/jcsa-9-1-1.pdf},
}

@article{Ogunsola,
  author          = {L.A. Ogunsola},
  journal         = {Library Philosophy and Practice, 1, 42},
  title           = {The next step in librarianship: Is the traditional library dead.},
  year            = {2011},
  url             = {https://digitalcommons.unl.edu/cgi/viewcontent.cgi?article=1638&context=libphilprac},
}

@online{Survey,
  author = {Public Library Association.},
  title = {2020 public library technology survey. },
  url = {https://www.ala.org/pla/sites/ala.org.pla/files/content/data/PLA-2020-Technology-Survey-Summary-Report.pdf}
}